%% BEGIN OVIS/LDMS AND FRIENDS CITATIONS
@Misc{            ovisweb,
  title         = "{O}vis",
  online        = "yes",
  howpublished  = {\url{http://ovis.ca.sandia.gov}}
}

@Misc{            ldmsgithub,
  title         = "{O}vis/{LDMS}",
  online        = "yes",
  howpublished  = {\url{http://github.com/ovis-hpc/ovis}}
}

@Misc{            sosgithub,
  title         = "{O}vis/{SOS}",
  online        = "yes",
  howpublished  = {\url{http://github.com/ovis-hpc/sos}}
}

@Misc{            ldmsgithubwiki,
  title         = "{O}vis-wiki",
  online        = "yes",
  howpublished  = {\url{https://github.com/ovis-hpc/ovis-wiki/wiki}},
  month = "March",
  year = 2021
}

@Misc{            darshangithub,
  title         = "{darshan-hpc}/{darshan}",
  online        = "yes",
  howpublished  = {\url{https://github.com/darshan-hpc/darshan}}
}

@INPROCEEDINGS{Darshan,
author={Carns, P. and Latham, R. and Ross, R. and Iskra, K. and Lang, S. and Riley, K.},
booktitle={Proc. 2009 Workshop on Interfaces and Architectures for Scientific Data Storage},
title = "{24/7} characterization of petascale {I/O} workloads",
year={2009}
}

@inproceedings{ClusterAV,
	title={{HPC} system data pipeline to enable meaningful insights through analysis-driven visualizations},
	author={Schwaller, Benjamin and Tucker, Nick and Tucker, Tom and Allan, Benjamin and Brandt, Jim},
	booktitle={2020 IEEE International Conference on Cluster Computing (CLUSTER)},
	pages={433--441},
	year={2020},
	organization={IEEE}
}
@misc{grafana-website,
  author = "{Grafana} {Labs}",
  title         = "{Grafana: The Open Observability Platform}",
  online        = "yes",
  url = {https://grafana.com}
}

@misc{darshan-webpage,
  author = "{Darshan}",
  title         = "{DARSHAN: HPC I/O Characterization Tool}",
  online        = "yes",
  url = {https://www.mcs.anl.gov/research/projects/darshan/}
}


@misc{darshan-runtime,
  author = "{Darshan}",
  title         = "{Darshan-runtime installation and usage}",
  online        = "yes",
  url = {https://www.mcs.anl.gov/research/projects/darshan/docs/darshan-runtime.html}
}


@misc{darshan-doc,
  author = "{Darshan}",
  title         = "{DARSHAN: HPC I/O Characterization Tool}",
  online        = "yes",
  url = {https://www.mcs.anl.gov/research/projects/darshan/documentation/}
}

@INPROCEEDINGS{RuntimeLibrary-ParallelI/O,
  author={Thakur, R. and Bordawekar, R. and Choudhary, A. and Ponnusamy, R. and Singh, T.},
  booktitle={Proceedings Scalable Parallel Libraries Conference}, 
  title={PASSION Runtime Library for parallel I/O}, 
  year={1994},
  volume={},
  number={},
  pages={119-128},
  doi={10.1109/SPLC.1994.376997}}
  
  @INPROCEEDINGS{RuntimeLibrary-IrregularApps,
  author={No, J. and Park, S.-S. and Carretero, J. and Choudhary, A. and Chen, P.},
  booktitle={Proceedings of the First Merged International Parallel Processing Symposium and Symposium on Parallel and Distributed Processing}, 
  title={Design and implementation of a parallel I/O runtime system for irregular applications}, 
  year={1998},
  volume={},
  number={},
  pages={280-284},
  doi={10.1109/IPPS.1998.669926}}
  
  @INPROCEEDINGS{HPC-IO-Runtime,
  author={Kim, Seong Jo and Son, Seung Woo and Liao, Wei-keng and Kandemir, Mahmut and Thakur, Rajeev and Choudhary, Alok},
  booktitle={2012 SC Companion: High Performance Computing, Networking Storage and Analysis}, 
  title={IOPin: Runtime Profiling of Parallel I/O in HPC Systems}, 
  year={2012},
  volume={},
  number={},
  pages={18-23},
  doi={10.1109/SC.Companion.2012.14}}

@misc{peterssonsw4,
	title={SW4, version 2.0. Computational Infrastructure for Geodynamics,. doi: 10.5281/zenodo. 1045297},
	author={Petersson, N Anders and Sj{\"o}green, Bj{\"o}rn}
}

@inproceedings{habib2013hacc,
	title={Hacc: Extreme scaling and performance across diverse architectures},
	author={Habib, Salman and Morozov, Vitali and Frontiere, Nicholas and Finkel, Hal and Pope, Adrian and Heitmann, Katrin},
	booktitle={SC'13: Proceedings of the International Conference on High Performance Computing, Networking, Storage and Analysis},
	pages={1--10},
	year={2013},
	organization={IEEE}
}

@article{eddy1992hmmer,
	title={HMMER userâ€™s guide},
	author={Eddy, Sean},
	journal={Department of Genetics, Washington University School of Medicine},
	volume={2},
	number={1},
	pages={13},
	year={1992}
}

@article{sonnhammer1998pfam,
	title={Pfam: multiple sequence alignments and HMM-profiles of protein domains},
	author={Sonnhammer, Erik LL and Eddy, Sean R and Birney, Ewan and Bateman, Alex and Durbin, Richard},
	journal={Nucleic acids research},
	volume={26},
	number={1},
	pages={320--322},
	year={1998},
	publisher={Oxford University Press}
}
